@book{hartley2003,
author={Hartley, R. and Zisserman, A.},
title = {Multiple View Geometry in Computer Vision},
publisher = {Cambridge University Press},
edition={Second},
year={2003}}

@article{heikkila2000,
author={Heikkilä, J.},
title={Geometric camera calibration using circular control points},
journal={PAMI},
volume=22,
issue=10,
pages={1066--1077},
year=2000
}

@inproceedings{zhang1999,
author={Zhang, Z.},
title={Flexible camera calibration by viewing a plane from unknown orientations},
booktitle={IEEE International Computer Vision Conference (ICCV)},
pages={666--673},
year={1999}}

@misc{bouguetMCT,
  author = "Jean-Yves Bouguet",
  title = "Camera calibration toolbox for {Matlab}",
  howpublished = "\url{http://www.vision.caltech.edu/bouguetj/calib_doc}",
}

@misc{ceres-solver,
  author = "Sameer Agarwal and Keir Mierle and Others",
  title = "Ceres Solver",
  howpublished = "\url{http://ceres-solver.org}",
}

@incollection{triggs1998,
  title={Autocalibration from planar scenes},
  author={Triggs, Bill},
  booktitle={Computer Vision—ECCV'98},
  pages={89--105},
  year={1998},
  publisher={Springer}
}

@inproceedings{gurdjos2003,
  title={Methods and geometry for plane-based self-calibration},
  author={Gurdjos, Pierre and Sturm, Peter},
  booktitle={Computer Vision and Pattern Recognition, 2003. Proceedings. 2003 IEEE Computer Society Conference on},
  volume={1},
  pages={I--491},
  year={2003},
  organization={IEEE}
}

@incollection{bocquillon2006,
	author={Bocquillon, B. and Gurdjos, P. and Crouzil, A.},
	title={Towards a Guaranteed Solution to Plane-Based Self-calibration},
	booktitle={ACCV},
	series={Lecture Notes in Computer Science},
	volume=3851,
	publisher={Springer Berlin Heidelberg},
	year=2006
}

@inproceedings{rublee2011orb,
  title={{ORB}: an efficient alternative to {SIFT} or {SURF}},
  author={Rublee, Ethan and Rabaud, Vincent and Konolige, Kurt and Bradski, Gary},
  booktitle={Computer Vision (ICCV), 2011 IEEE International Conference on},
  pages={2564--2571},
  year={2011},
  organization={IEEE}
}

@inproceedings{bougnoux1998,
  title={From projective to euclidean space under any practical situation, a criticism of self-calibration},
  author={Bougnoux, Sylvain},
  booktitle={Computer Vision, 1998. Sixth International Conference on},
  pages={790--796},
  year={1998},
  organization={IEEE}
}

@article{opencv_library,
    author = {Bradski, G.},
    citeulike-article-id = {2236121},
    journal = {Dr. Dobb's Journal of Software Tools},
    keywords = {bibtex-import},
    posted-at = {2008-01-15 19:21:54},
    priority = {4},
    title ={The {OpenCV} Library} ,
    year={2000}
}

@article{quan1999,
author={Quan, L. and Lan, Z.},
title={Linear n-point camera pose determination},
journal={PAMI},
volume=21,
issue=8,
pages={774--780},
year=1999
}

@inproceedings{sturm1997,
author={P. Sturm},
title={Critical Motion Sequences for Monocular Self-Calibration and Uncalibrated {Euclidean} Reconstruction},
booktitle={CVPR}, 
pages={1100--1105},
year={1997}
}

@article{kannala2008,
author={Kannala, J. and Heikkilä, J. and Brandt, S.S.},
year=2008,
title={Geometric camera calibration},
journal={Wiley Encyclopedia of Computer Science and Engineering},
publisher={Wiley Interscience}
}

@inproceedings{sturm1999,
author={Sturm, P. and Maybank, S.J.},
title={On plane-based camera calibration: A general algorithm, singularities, applications},
booktitle={CVPR},
year=1999
}

@inproceedings{remondino2006,
author={Remondino, F. and Fraser, C.},
title={Digital camera calibration methods: considerations and comparisons},
booktitle={ISPRS},
volume=36,
pages={266--272},
year=2006
}

@inproceedings{rublee2011,
author={E. Rublee and V. Rabaud and K. Konolige and G. Bradski},
title={{ORB}: an efﬁcient alternative to {SIFT} or {SURF}}, 
booktitle={ICCV},
year=2011
}
